<record><leader>00000cas a2200000 a 4500</leader><controlfield tag="001">11986186</controlfield><controlfield tag="008">850501d18991900ksuwr ne      0    0eng d</controlfield><datafield ind1=" " ind2=" " tag="010"><subfield code="a">sn 85031302 </subfield></datafield><datafield ind1=" " ind2=" " tag="040"><subfield code="a">KSH</subfield><subfield code="b">eng</subfield><subfield code="c">KSH</subfield><subfield code="d">NPT</subfield><subfield code="d">OCL</subfield><subfield code="d">OCLCQ</subfield></datafield><datafield ind1=" " ind2=" " tag="042"><subfield code="a">msc</subfield></datafield><datafield ind1="0" ind2="4" tag="245"><subfield code="a">The Seneca chronicle.</subfield></datafield><datafield ind1="1" ind2="3" tag="246"><subfield code="a">Seneca chronicle and Nemaha populist</subfield><subfield code="f">Aug. 31-Nov. 30, 1899</subfield></datafield><datafield ind1=" " ind2=" " tag="260"><subfield code="a">Seneca, Kan. :</subfield><subfield code="b">J.S. Becknell &amp; Son,</subfield><subfield code="c">1899-1900.</subfield></datafield><datafield ind1=" " ind2=" " tag="300"><subfield code="a">1 v. :</subfield><subfield code="b">ill. ;</subfield><subfield code="c">65 cm.</subfield></datafield><datafield ind1=" " ind2=" " tag="310"><subfield code="a">Weekly</subfield></datafield><datafield ind1="0" ind2=" " tag="362"><subfield code="a">Vol. 13, no. 1 (June 15, 1899)-v. 13, no. 43 (Apr. 5, 1900).</subfield></datafield><datafield ind1=" " ind2=" " tag="752"><subfield code="a">United States</subfield><subfield code="b">Kansas</subfield><subfield code="c">Nemaha</subfield><subfield code="d">Seneca.</subfield></datafield><datafield ind1="0" ind2="0" tag="780"><subfield code="t">Seneca news</subfield><subfield code="w">(DLC)sn 85031281</subfield></datafield><datafield ind1="0" ind2="0" tag="785"><subfield code="t">Nemaha County republican (Seneca, Kan.)</subfield><subfield code="w">(DLC)sn 85031303</subfield></datafield></record>